\begin{thebibliography}{widestlabel}
\bibitem{ndw}{\author{ndw} \date{today}}
\end{thebibliography}